% book
% Required fields: author or editor, title, publisher, year.
% Optional fields: volume or number, series, address, edition, month, note.

% article
% Required fields: author, title, journal, year.
% Optional fields: volume, number, pages, month, note.
@article{llmasajudge,
      title={A Survey on LLM-as-a-Judge},
      author={Jiawei Gu and Xuhui Jiang and Zhichao Shi and Hexiang Tan and Xuehao Zhai and Chengjin Xu and Wei Li and Yinghan Shen and Shengjie Ma and Honghao Liu and Saizhuo Wang and Kun Zhang and Yuanzhuo Wang and Wen Gao and Lionel Ni and Jian Guo},
      year={2025},
      eprint={2411.15594},
      archivePrefix={arXiv},
      primaryClass={cs.CL},
      url={https://arxiv.org/abs/2411.15594},
}

% conference
% same as inproceedings
% Required fields: author, title, booktitle, year.
% Optional fields: editor, volume or number, series, pages, address, month, organization, publisher, note

% website
% as misc
% Required fields: none.
% Optional fields: author, title, howpublished, month, year, note.
@misc{wa_policy,
  title = {WhatsApp Business Policy},
  howpublished = {https://business.whatsapp.com/policy},
  note = {Accessed: 2025-06-15}
}

@misc{gemini_pricing,
  title = {Gemini API Pricing},
  howpublished = {https://ai.google.dev/gemini-api/docs/pricing},
  note = {Accessed: 2025-06-15}
}

@misc{anthropic_pricing,
  title = {Anthropic API Pricing},
  howpublished = {https://www.anthropic.com/pricing\#api},
  note = {Accessed: 2025-06-15}
}

@misc{openai_pricing,
  title = {OpenAI API Pricing},
  howpublished = {https://platform.openai.com/docs/pricing
},
  note = {Accessed: 2025-06-15}
}
